<?xml version="1.0" encoding="utf-8"?>
<record xmlns="http://www.loc.gov/MARC21/slim" xmlns:xsi="http://www.w3.org/2001/XMLSchema-instance" xsi:schemaLocation="http://www.loc.gov/MARC21/slim http://www.loc.gov/standards/marcxml/schema/MARC21slim.xsd">
	<leader>     nam a22        4500</leader>
	<controlfield tag="001">2957409</controlfield>
	<controlfield tag="003">NNC</controlfield>
	<controlfield tag="006">m        d        </controlfield>
	<controlfield tag="007">cr cn |||m|||a</controlfield>
	<controlfield tag="008">170815m19651967iq      ob    001 0cara  </controlfield>
	<datafield ind1=" " ind2=" " tag="040">
		<subfield code="a">NNU</subfield>
		<subfield code="b">eng</subfield>
		<subfield code="e">rda</subfield>
		<subfield code="c">NNU</subfield>
	</datafield>
	<datafield ind1=" " ind2=" " tag="066">
		<subfield code="c">(3</subfield>
	</datafield>
	<datafield ind1="0" ind2=" " tag="050">
		<subfield code="a">BP70</subfield>
		<subfield code="b">.B272</subfield>
	</datafield>
	<datafield ind1="1" ind2=" " tag="100">
		<subfield code="6">880-01</subfield>
		<subfield code="a">Baḥr al-ʻUlūm, Muḥammad Mahdī ibn Murtaḍá,</subfield>
		<subfield code="d">1742 or 1743-1797 or 1798.</subfield>
	</datafield>
	<datafield ind1="1" ind2="0" tag="240">
		<subfield code="6">880-02</subfield>
		<subfield code="a">Fawāʼid al-rijālīyah</subfield>
	</datafield>
	<datafield ind1="1" ind2="0" tag="245">
		<subfield code="6">880-03</subfield>
		<subfield code="a">Rijāl al-Sayyid Baḥr al-ʻUlūm :</subfield>
		<subfield code="b">al-maʻrūf bi-al-Fawāʼid al-rijālīyah /</subfield>
		<subfield code="c">taʼlīf Muḥammad al-Mahdī Baḥr al-ʻUlūm al-Ṭabāṭabāʼī ; ḥaqqaqahu wa-ʻallaqa ʻalayhi Muḥammad Ṣādiq Baḥr al-ʻUlūm wa-Ḥusayn Baḥr al-ʻUlūm.</subfield>
	</datafield>
	<datafield ind1=" " ind2=" " tag="250">
		<subfield code="6">880-04</subfield>
		<subfield code="a">al-Ṭabʻah 1.</subfield>
	</datafield>
	<datafield ind1=" " ind2=" " tag="260">
		<subfield code="6">880-05</subfield>
		<subfield code="a">al-Najaf :</subfield>
		<subfield code="b">Maṭbaʻat al-Ādāb,</subfield>
		<subfield code="c">1965-1967.</subfield>
	</datafield>
	<datafield ind1=" " ind2=" " tag="300">
		<subfield code="a">online resource (4 volumes)</subfield>
	</datafield>
	<datafield ind1=" " ind2=" " tag="336">
		<subfield code="a">text</subfield>
		<subfield code="2">rdacontent</subfield>
	</datafield>
	<datafield ind1=" " ind2=" " tag="337">
		<subfield code="a">computer</subfield>
		<subfield code="2">rdamedia</subfield>
	</datafield>
	<datafield ind1=" " ind2=" " tag="338">
		<subfield code="a">online resource</subfield>
		<subfield code="2">rdacarrier</subfield>
	</datafield>
	<datafield ind1="1" ind2=" " tag="490">
		<subfield code="6">880-06</subfield>
		<subfield code="a">Maktabat al-ʻalamayn al-Ṭūsī wa-Baḥr al-ʻUlūm ;</subfield>
		<subfield code="v">5-8</subfield>
	</datafield>
	<datafield ind1=" " ind2=" " tag="500">
		<subfield code="a">Part of the Arabic Collections Online (ACO) project, contributed by Columbia University Libraries.</subfield>
	</datafield>
	<datafield ind1=" " ind2=" " tag="504">
		<subfield code="a">Includes bibliographical references and indexes.</subfield>
	</datafield>
	<datafield ind1=" " ind2=" " tag="533">
		<subfield code="a">Electronic reproduction.</subfield>
		<subfield code="b">New York, N.Y. :</subfield>
		<subfield code="c">New York University,</subfield>
		<subfield code="d">2017.</subfield>
		<subfield code="5">NNU</subfield>
	</datafield>
	<datafield ind1=" " ind2="0" tag="650">
		<subfield code="a">Muslims</subfield>
		<subfield code="v">Biography</subfield>
		<subfield code="v">Early works to 1800.</subfield>
	</datafield>
	<datafield ind1=" " ind2="0" tag="650">
		<subfield code="a">Shiites</subfield>
		<subfield code="v">Biography</subfield>
		<subfield code="v">Early works to 1800.</subfield>
	</datafield>
	<datafield ind1=" " ind2="0" tag="650">
		<subfield code="a">Hadith</subfield>
		<subfield code="x">Authorities</subfield>
		<subfield code="v">Early works to 1800.</subfield>
	</datafield>
	<datafield ind1=" " ind2="7" tag="650">
		<subfield code="a">Hadith</subfield>
		<subfield code="x">Authorities.</subfield>
		<subfield code="2">fast</subfield>
		<subfield code="0">(OCoLC)fst00950115</subfield>
	</datafield>
	<datafield ind1=" " ind2="7" tag="650">
		<subfield code="a">Muslims.</subfield>
		<subfield code="2">fast</subfield>
		<subfield code="0">(OCoLC)fst01031029</subfield>
	</datafield>
	<datafield ind1=" " ind2="7" tag="650">
		<subfield code="a">Shiites.</subfield>
		<subfield code="2">fast</subfield>
		<subfield code="0">(OCoLC)fst01115976</subfield>
	</datafield>
	<datafield ind1=" " ind2="7" tag="655">
		<subfield code="a">Biography.</subfield>
		<subfield code="2">fast</subfield>
		<subfield code="0">(OCoLC)fst01423686</subfield>
	</datafield>
	<datafield ind1=" " ind2="7" tag="655">
		<subfield code="a">Early works.</subfield>
		<subfield code="2">fast</subfield>
		<subfield code="0">(OCoLC)fst01411636</subfield>
	</datafield>
	<datafield ind1="1" ind2=" " tag="700">
		<subfield code="6">880-07</subfield>
		<subfield code="a">Baḥr al-ʻUlūm, Muḥammad Ṣādiq,</subfield>
		<subfield code="e">editor.</subfield>
	</datafield>
	<datafield ind1="1" ind2=" " tag="700">
		<subfield code="6">880-08</subfield>
		<subfield code="a">Baḥr al-ʻUlūm, Ḥusayn,</subfield>
		<subfield code="e">editor.</subfield>
	</datafield>
	<datafield ind1="2" ind2=" " tag="710">
		<subfield code="a">Columbia University.</subfield>
		<subfield code="b">Libraries.</subfield>
	</datafield>
	<datafield ind1="0" ind2=" " tag="730">
		<subfield code="a">Arabic Collections Online.</subfield>
	</datafield>
	<datafield ind1="0" ind2="8" tag="776">
		<subfield code="i">Online version:</subfield>
		<subfield code="a">Baḥr al-ʻUlūm, Muḥammad Mahdī ibn Murtaḍá, 1742 or 3-1797 or 8.</subfield>
		<subfield code="s">Fawāʼid al-rijālīyah.</subfield>
		<subfield code="t">Rijāl al-Sayyid Baḥr al-ʻUlūm.</subfield>
		<subfield code="b">al-Ṭabʻah 1.</subfield>
		<subfield code="d">al-Najaf : Maṭbaʻat al-Ādāb, 1965-1967</subfield>
		<subfield code="w">(OCoLC)643758844</subfield>
	</datafield>
	<datafield ind1="0" ind2="8" tag="776">
		<subfield code="i">Print version:</subfield>
		<subfield code="a">Baḥr al-ʻUlūm, Muḥammad Mahdī ibn Murtaḍá, 1742 or 1743-1797 or 1798.</subfield>
		<subfield code="t">Rijāl al-Sayyid Baḥr al-ʻUlūm</subfield>
		<subfield code="w">(NNC)2957409</subfield>
		<subfield code="w">(DLC)   73205424 </subfield>
		<subfield code="w">(OCoLC)24830534</subfield>
	</datafield>
	<datafield ind1=" " ind2="0" tag="830">
		<subfield code="6">880-09</subfield>
		<subfield code="a">Maktabat al-ʻalamayn al-Ṭūsī wa-Baḥr al-ʻUlūm ;</subfield>
		<subfield code="v">5-8.</subfield>
	</datafield>
	<datafield ind1="4" ind2="0" tag="856">
		<subfield code="u">http://hdl.handle.net/2333.1/sn02vcr8</subfield>
	</datafield>
	<datafield ind1="1" ind2=" " tag="880">
		<subfield code="6">100-01/(3/r</subfield>
		<subfield code="a">بحر العلوم، محمد مهدي بن مرتضى،,</subfield>
		<subfield code="d">1742 or 1743-1797 or 1798.</subfield>
	</datafield>
	<datafield ind1="1" ind2="0" tag="880">
		<subfield code="6">240-02/(3/r</subfield>
		<subfield code="a">فوائد الرجالية</subfield>
	</datafield>
	<datafield ind1="1" ind2="0" tag="880">
		<subfield code="6">245-03/(3/r</subfield>
		<subfield code="a">رجال السيد بحر العلوم :</subfield>
		<subfield code="b">المعروف بالفوائد الرجالية /</subfield>
		<subfield code="c">تأليف محمد المهدي بحر العلوم الطباطبائي ؛ حققه وعلق عليه محمد صادق بحر العلوم وحسين بحر العلوم.</subfield>
	</datafield>
	<datafield ind1=" " ind2=" " tag="880">
		<subfield code="6">250-04/(3/r</subfield>
		<subfield code="a">الطبعة 1.</subfield>
	</datafield>
	<datafield ind1=" " ind2=" " tag="880">
		<subfield code="6">260-05/(3/r</subfield>
		<subfield code="a">النجف :</subfield>
		<subfield code="b">مطبعة الاداب،</subfield>
		<subfield code="c">1965-1967.</subfield>
	</datafield>
	<datafield ind1="1" ind2=" " tag="880">
		<subfield code="6">490-06/(3/r</subfield>
		<subfield code="a">مكتبة العلمين الطوسي وبحر العلوم ؛</subfield>
		<subfield code="v">5-8</subfield>
	</datafield>
	<datafield ind1="1" ind2=" " tag="880">
		<subfield code="6">700-07/(3/r</subfield>
		<subfield code="a">بحر العلوم، محمد صادق،.</subfield>
	</datafield>
	<datafield ind1="1" ind2=" " tag="880">
		<subfield code="6">700-08/(3/r</subfield>
		<subfield code="a">بحر العلوم، حسين،.</subfield>
	</datafield>
	<datafield ind1=" " ind2="0" tag="880">
		<subfield code="6">830-09/(3/r</subfield>
		<subfield code="a">مكتبة العلمين الطوسي وبحر العلوم ؛ ;</subfield>
		<subfield code="v">5-8.</subfield>
	</datafield>
	<datafield ind1=" " ind2=" " tag="959">
		<subfield code="a">NNU</subfield>
		<subfield code="b">WEB</subfield>
		<subfield code="c">GENI</subfield>
		<subfield code="t">0</subfield>
		<subfield code="m">Electronic access</subfield>
		<subfield code="s">01</subfield>
	</datafield>
	<datafield ind1=" " ind2=" " tag="999">
		<subfield code="i">NNC_2957409</subfield>
		<subfield code="o">(OCoLC)ocm24830534</subfield>
		<subfield code="s">columbia_aco002391:v.1</subfield>
		<subfield code="s">columbia_aco002392:v.2</subfield>
		<subfield code="s">columbia_aco002393:v.3</subfield>
		<subfield code="s">columbia_aco002394:v.4</subfield>
	</datafield>
</record>
